@inproceedings{wu2018unsupervised,
  title={Unsupervised feature learning via non-parametric instance discrimination},
  author={Wu, Zhirong and Xiong, Yuanjun and Yu, Stella X and Lin, Dahua},
  booktitle={Proceedings of the IEEE Conference on Computer Vision and Pattern Recognition},
  pages={3733--3742},
  year={2018}
}

@article{poole2019variational,
  title={On variational bounds of mutual information},
  author={Poole, Ben and Ozair, Sherjil and Oord, Aaron van den and Alemi, Alexander A and Tucker, George},
  journal={arXiv preprint arXiv:1905.06922},
  year={2019}
}

@inproceedings{he2016deep,
  title={Deep residual learning for image recognition},
  author={He, Kaiming and Zhang, Xiangyu and Ren, Shaoqing and Sun, Jian},
  booktitle={Proceedings of the IEEE conference on computer vision and pattern recognition},
  pages={770--778},
  year={2016}
}

@inproceedings{agustsson2017ntire,
  title={Ntire 2017 challenge on single image super-resolution: Dataset and study},
  author={Agustsson, Eirikur and Timofte, Radu},
  booktitle={Proceedings of the IEEE Conference on Computer Vision and Pattern Recognition Workshops},
  pages={126--135},
  year={2017}
}

@article{lim2019fast,
  title={Fast autoaugment},
  author={Lim, Sungbin and Kim, Ildoo and Kim, Taesup and Kim, Chiheon and Kim, Sungwoong},
  journal={arXiv preprint arXiv:1905.00397},
  year={2019}
}

%% =======imagenet table ========
@inproceedings{mnih2013learning,
  title={Learning word embeddings efficiently with noise-contrastive estimation},
  author={Mnih, Andriy and Kavukcuoglu, Koray},
  booktitle={Advances in neural information processing systems},
  pages={2265--2273},
  year={2013}
}

@inproceedings{mikolov2013distributed,
  title={Distributed representations of words and phrases and their compositionality},
  author={Mikolov, Tomas and Sutskever, Ilya and Chen, Kai and Corrado, Greg S and Dean, Jeff},
  booktitle={Advances in neural information processing systems},
  pages={3111--3119},
  year={2013}
}

@article{krahenbuhl2015data,
  title={Data-dependent initializations of convolutional neural networks},
  author={Kr{\"a}henb{\"u}hl, Philipp and Doersch, Carl and Donahue, Jeff and Darrell, Trevor},
  journal={arXiv preprint arXiv:1511.06856},
  year={2015}
}

@inproceedings{doersch2015unsupervised,
  title={Unsupervised visual representation learning by context prediction},
  author={Doersch, Carl and Gupta, Abhinav and Efros, Alexei A},
  booktitle={Proceedings of the IEEE International Conference on Computer Vision},
  pages={1422--1430},
  year={2015}
}

@inproceedings{zhang2016colorful,
  title={Colorful image colorization},
  author={Zhang, Richard and Isola, Phillip and Efros, Alexei A},
  booktitle={European conference on computer vision},
  pages={649--666},
  year={2016},
  organization={Springer}
}

@inproceedings{noroozi2016unsupervised,
  title={Unsupervised learning of visual representations by solving jigsaw puzzles},
  author={Noroozi, Mehdi and Favaro, Paolo},
  booktitle={European Conference on Computer Vision},
  pages={69--84},
  year={2016},
  organization={Springer}
}

@inproceedings{donahue2016adversarial,
  title={Adversarial feature learning},
  author={Donahue, Jeff and Kr{\"a}henb{\"u}hl, Philipp and Darrell, Trevor},
  booktitle={International Conference on Learning Representations},
  year={2017}
}

@inproceedings{zhang2017split,
  title={Split-brain autoencoders: Unsupervised learning by cross-channel prediction},
  author={Zhang, Richard and Isola, Phillip and Efros, Alexei A},
  booktitle={Proceedings of the IEEE Conference on Computer Vision and Pattern Recognition},
  pages={1058--1067},
  year={2017}
}

@inproceedings{noroozi2017representation,
  title={Representation learning by learning to count},
  author={Noroozi, Mehdi and Pirsiavash, Hamed and Favaro, Paolo},
  booktitle={Proceedings of the IEEE International Conference on Computer Vision},
  pages={5898--5906},
  year={2017}
}

@article{gidaris2018unsupervised,
  title={Unsupervised representation learning by predicting image rotations},
  author={Gidaris, Spyros and Singh, Praveer and Komodakis, Nikos},
  journal={arXiv preprint arXiv:1803.07728},
  year={2018}
}

@inproceedings{caron2018deep,
  title={Deep clustering for unsupervised learning of visual features},
  author={Caron, Mathilde and Bojanowski, Piotr and Joulin, Armand and Douze, Matthijs},
  booktitle={Proceedings of the European Conference on Computer Vision (ECCV)},
  pages={132--149},
  year={2018}
}

@article{lucic2019high,
  title={High-Fidelity Image Generation With Fewer Labels},
  author={Lucic, Mario and Tschannen, Michael and Ritter, Marvin and Zhai, Xiaohua and Bachem, Olivier and Gelly, Sylvain},
  journal={arXiv preprint arXiv:1903.02271},
  year={2019}
}
%% ==============================

%% =========video table =========
@inproceedings{vondrick2016generating,
  title={Generating videos with scene dynamics},
  author={Vondrick, Carl and Pirsiavash, Hamed and Torralba, Antonio},
  booktitle={Advances In Neural Information Processing Systems},
  pages={613--621},
  year={2016}
}

@inproceedings{luo2017unsupervised,
  title={Unsupervised learning of long-term motion dynamics for videos},
  author={Luo, Zelun and Peng, Boya and Huang, De-An and Alahi, Alexandre and Fei-Fei, Li},
  booktitle={Proceedings of the IEEE Conference on Computer Vision and Pattern Recognition},
  pages={2203--2212},
  year={2017}
}

@inproceedings{misra2016shuffle,
  title={Shuffle and learn: unsupervised learning using temporal order verification},
  author={Misra, Ishan and Zitnick, C Lawrence and Hebert, Martial},
  booktitle={European Conference on Computer Vision},
  pages={527--544},
  year={2016},
  organization={Springer}
}

@inproceedings{gan2018geometry,
  title={Geometry guided convolutional neural networks for self-supervised video representation learning},
  author={Gan, Chuang and Gong, Boqing and Liu, Kun and Su, Hao and Guibas, Leonidas J},
  booktitle={Proceedings of the IEEE Conference on Computer Vision and Pattern Recognition},
  pages={5589--5597},
  year={2018}
}

@inproceedings{lee2017unsupervised,
  title={Unsupervised representation learning by sorting sequences},
  author={Lee, Hsin-Ying and Huang, Jia-Bin and Singh, Maneesh and Yang, Ming-Hsuan},
  booktitle={Proceedings of the IEEE International Conference on Computer Vision},
  pages={667--676},
  year={2017}
}

@inproceedings{buchler2018improving,
  title={Improving spatiotemporal self-supervision by deep reinforcement learning},
  author={Buchler, Uta and Brattoli, Biagio and Ommer, Bjorn},
  booktitle={Proceedings of the European Conference on Computer Vision (ECCV)},
  pages={770--786},
  year={2018}
}

@article{sayed2018cross,
  title={Cross and learn: Cross-modal self-supervision},
  author={Sayed, Nawid and Brattoli, Biagio and Ommer, Bj{\"o}rn},
  journal={arXiv preprint arXiv:1811.03879},
  year={2018}
}

@article{schneider1969two,
  title={Two visual systems.},
  author={Schneider, Gerald E},
  journal={Science},
  year={1969},
}

@article{goodale1992separate,
  title={Separate visual pathways for perception and action},
  author={Goodale, Melvyn A and Milner, A David},
  journal={Trends in neurosciences},
  year={1992},
  publisher={Elsevier}
}

@inproceedings{simonyan2014two,
  title={Two-stream convolutional networks for action recognition in videos},
  author={Simonyan, Karen and Zisserman, Andrew},
  booktitle={Advances in neural information processing systems},
  pages={568--576},
  year={2014}
}
%% ==============================

%% =========== NYU ==============
@inproceedings{ronneberger2015u,
  title={U-net: Convolutional networks for biomedical image segmentation},
  author={Ronneberger, Olaf and Fischer, Philipp and Brox, Thomas},
  booktitle={International Conference on Medical image computing and computer-assisted intervention},
  pages={234--241},
  year={2015},
  organization={Springer}
}
%% ==============================
% sound
@inproceedings{owens2016visually,
  title={Visually indicated sounds},
  author={Owens, Andrew and Isola, Phillip and McDermott, Josh and Torralba, Antonio and Adelson, Edward H and Freeman, William T},
  booktitle={Proceedings of the IEEE Conference on Computer Vision and Pattern Recognition},
  pages={2405--2413},
  year={2016}
}

% AlexNet
@inproceedings{krizhevsky2012imagenet,
  title={Imagenet classification with deep convolutional neural networks},
  author={Krizhevsky, Alex and Sutskever, Ilya and Hinton, Geoffrey E},
  booktitle={Advances in neural information processing systems},
  pages={1097--1105},
  year={2012}
}

@inproceedings{bojanowski2017unsupervised,
  title={Unsupervised learning by predicting noise},
  author={Bojanowski, Piotr and Joulin, Armand},
  booktitle={Proceedings of the 34th International Conference on Machine Learning-Volume 70},
  pages={517--526},
  year={2017},
  organization={JMLR. org}
}

@article{oord2018representation,
  title={Representation learning with contrastive predictive coding},
  author={Oord, Aaron van den and Li, Yazhe and Vinyals, Oriol},
  journal={arXiv preprint arXiv:1807.03748},
  year={2018}
}

@inproceedings{hjelm2018learning,
  title={Learning deep representations by mutual information estimation and maximization},
  author={Hjelm, R Devon and Fedorov, Alex and Lavoie-Marchildon, Samuel and Grewal, Karan and Trischler, Adam and Bengio, Yoshua},
  booktitle={International Conference on Learning Representations},
  year={2019}
}

@inproceedings{gutmann2010noise,
  title={Noise-contrastive estimation: A new estimation principle for unnormalized statistical models},
  author={Gutmann, Michael and Hyv{\"a}rinen, Aapo},
  booktitle={Proceedings of the Thirteenth International Conference on Artificial Intelligence and Statistics},
  pages={297--304},
  year={2010}
}

% STL-10
@inproceedings{coates2011analysis,
  title={An analysis of single-layer networks in unsupervised feature learning},
  author={Coates, Adam and Ng, Andrew and Lee, Honglak},
  booktitle={Proceedings of the fourteenth international conference on artificial intelligence and statistics},
  pages={215--223},
  year={2011}
}

% UCF-101
@article{soomro2012ucf101,
  title={UCF101: A dataset of 101 human actions classes from videos in the wild},
  author={Soomro, Khurram and Zamir, Amir Roshan and Shah, Mubarak},
  journal={arXiv preprint arXiv:1212.0402},
  year={2012}
}

% MIT
@article{monfort2019moments,
  title={Moments in time dataset: one million videos for event understanding},
  author={Monfort, Mathew and Andonian, Alex and Zhou, Bolei and Ramakrishnan, Kandan and Bargal, Sarah Adel and Yan, Yan and Brown, Lisa and Fan, Quanfu and Gutfreund, Dan and Vondrick, Carl and others},
  journal={IEEE transactions on pattern analysis and machine intelligence},
  year={2019},
  publisher={IEEE}
}

@article{radford2015unsupervised,
  title={Unsupervised representation learning with deep convolutional generative adversarial networks},
  author={Radford, Alec and Metz, Luke and Chintala, Soumith},
  journal={arXiv preprint arXiv:1511.06434},
  year={2015}
}

@inproceedings{chen2016infogan,
  title={Infogan: Interpretable representation learning by information maximizing generative adversarial nets},
  author={Chen, Xi and Duan, Yan and Houthooft, Rein and Schulman, John and Sutskever, Ilya and Abbeel, Pieter},
  booktitle={Advances in neural information processing systems},
  year={2016}
}

@inproceedings{deng2009imagenet,
  title={Imagenet: A large-scale hierarchical image database},
  author={Deng, Jia and Dong, Wei and Socher, Richard and Li, Li-Jia and Li, Kai and Fei-Fei, Li},
  booktitle={2009 IEEE conference on computer vision and pattern recognition},
  year={2009}
}

@article{ha2018world,
  title={World models},
  author={Ha, David and Schmidhuber, J{\"u}rgen},
  journal={arXiv preprint arXiv:1803.10122},
  year={2018}
}

% NYU-Depth-V2
@inproceedings{Silberman:ECCV12,
  author    = {Nathan Silberman, Derek Hoiem, Pushmeet Kohli and Rob Fergus},
  title     = {Indoor Segmentation and Support Inference from RGBD Images},
  booktitle = {ECCV},
  year      = {2012}
}

@inproceedings{eigen2015predicting,
  title={Predicting depth, surface normals and semantic labels with a common multi-scale convolutional architecture},
  author={Eigen, David and Fergus, Rob},
  booktitle={Proceedings of the IEEE international conference on computer vision},
  year={2015}
}

@book{rouse1956great,
  title={Great dialogues of Plato},
  author={Rouse, William Henry Denham and Warmington, Eric H and Rouse, Philip G},
  year={1956},
  publisher={Signet}
}

@article{arora2019theoretical,
  title={A Theoretical Analysis of Contrastive Unsupervised Representation Learning},
  author={Arora, Sanjeev and Khandeparkar, Hrishikesh and Khodak, Mikhail and Plevrakis, Orestis and Saunshi, Nikunj},
  journal={arXiv preprint arXiv:1902.09229},
  year={2019}
}

@book{jolliffe2011principal,
  title={Principal component analysis},
  author={Jolliffe, Ian},
  year={2011},
  publisher={Springer}
}

@book{hyvarinen2004independent,
  title={Independent component analysis},
  author={Hyv{\"a}rinen, Aapo and Karhunen, Juha and Oja, Erkki},
  volume={46},
  year={2004},
  publisher={John Wiley \& Sons}
}

@article{bengio2013representation,
  title={Representation learning: A review and new perspectives},
  author={Bengio, Yoshua and Courville, Aaron and Vincent, Pascal},
  journal={IEEE transactions on pattern analysis and machine intelligence},
  volume={35},
  number={8},
  pages={1798--1828},
  year={2013},
  publisher={IEEE}
}

@techreport{smolensky1986information,
  title={Information processing in dynamical systems: Foundations of harmony theory},
  author={Smolensky, Paul},
  year={1986},
  institution={Colorado Univ at Boulder Dept of Computer Science}
}

@inproceedings{salakhutdinov2009deep,
  title={Deep boltzmann machines},
  author={Salakhutdinov, Ruslan and Hinton, Geoffrey},
  booktitle={Artificial intelligence and statistics},
  pages={448--455},
  year={2009}
}

@article{hinton2006reducing,
  title={Reducing the dimensionality of data with neural networks},
  author={Hinton, Geoffrey E and Salakhutdinov, Ruslan R},
  journal={science},
  volume={313},
  number={5786},
  pages={504--507},
  year={2006},
  publisher={American Association for the Advancement of Science}
}

@article{kingma2013auto,
  title={Auto-encoding variational bayes},
  author={Kingma, Diederik P and Welling, Max},
  journal={arXiv preprint arXiv:1312.6114},
  year={2013}
}

@inproceedings{goodfellow2014generative,
  title={Generative adversarial nets},
  author={Goodfellow, Ian and Pouget-Abadie, Jean and Mirza, Mehdi and Xu, Bing and Warde-Farley, David and Ozair, Sherjil and Courville, Aaron and Bengio, Yoshua},
  booktitle={Advances in neural information processing systems},
  pages={2672--2680},
  year={2014}
}

@article{oord2016pixel,
  title={Pixel recurrent neural networks},
  author={Oord, Aaron van den and Kalchbrenner, Nal and Kavukcuoglu, Koray},
  journal={arXiv preprint arXiv:1601.06759},
  year={2016}
}

@inproceedings{wang2015unsupervised,
  title={Unsupervised learning of visual representations using videos},
  author={Wang, Xiaolong and Gupta, Abhinav},
  booktitle={Proceedings of the IEEE International Conference on Computer Vision},
  pages={2794--2802},
  year={2015}
}

@article{isola2015learning,
  title={Learning visual groups from co-occurrences in space and time},
  author={Isola, Phillip and Zoran, Daniel and Krishnan, Dilip and Adelson, Edward H},
  journal={arXiv preprint arXiv:1511.06811},
  year={2015}
}

@inproceedings{pathak2016context,
  title={Context encoders: Feature learning by inpainting},
  author={Pathak, Deepak and Krahenbuhl, Philipp and Donahue, Jeff and Darrell, Trevor and Efros, Alexei A},
  booktitle={Proceedings of the IEEE conference on computer vision and pattern recognition},
  pages={2536--2544},
  year={2016}
}

@article{zhou2018interpreting,
  title={Interpreting deep visual representations via network dissection},
  author={Zhou, Bolei and Bau, David and Oliva, Aude and Torralba, Antonio},
  journal={IEEE transactions on pattern analysis and machine intelligence},
  year={2018},
  publisher={IEEE}
}

@inproceedings{isola2017image,
  title={Image-to-image translation with conditional adversarial networks},
  author={Isola, Phillip and Zhu, Jun-Yan and Zhou, Tinghui and Efros, Alexei A},
  booktitle={Proceedings of the IEEE conference on computer vision and pattern recognition},
  pages={1125--1134},
  year={2017}
}

@article{wiskott2002slow,
  title={Slow feature analysis: Unsupervised learning of invariances},
  author={Wiskott, Laurenz and Sejnowski, Terrence J},
  journal={Neural computation},
  volume={14},
  number={4},
  pages={715--770},
  year={2002},
  publisher={MIT Press}
}

@inproceedings{mobahi2009deep,
  title={Deep learning from temporal coherence in video},
  author={Mobahi, Hossein and Collobert, Ronan and Weston, Jason},
  booktitle={Proceedings of the 26th Annual International Conference on Machine Learning},
  pages={737--744},
  year={2009},
  organization={ACM}
}

@article{logeswaran2018efficient,
  title={An efficient framework for learning sentence representations},
  author={Logeswaran, Lajanugen and Lee, Honglak},
  journal={arXiv preprint arXiv:1803.02893},
  year={2018}
}

@article{cortes2010two,
  title={Two-stage learning kernel algorithms},
  author={Cortes, Corinna and Mohri, Mehryar and Rostamizadeh, Afshin},
  year={2010}
}

@article{bellet2013survey,
  title={A survey on metric learning for feature vectors and structured data},
  author={Bellet, Aur{\'e}lien and Habrard, Amaury and Sebban, Marc},
  journal={arXiv preprint arXiv:1306.6709},
  year={2013}
}

@inproceedings{blum1998combining,
  title={Combining labeled and unlabeled data with co-training},
  author={Blum, Avrim and Mitchell, Tom},
  booktitle={Proceedings of the eleventh annual conference on Computational learning theory},
  pages={92--100},
  year={1998},
  organization={ACM}
}

@inproceedings{sa2004sensory,
  title={Sensory modality segregation},
  author={Sa, Virginia},
  booktitle={Advances in neural information processing systems},
  pages={913--920},
  year={2004}
}

@article{li2018survey,
  title={A Survey of Multi-View Representation Learning},
  author={Li, Yingming and Yang, Ming and Zhang, Zhongfei Mark},
  journal={IEEE Transactions on Knowledge and Data Engineering},
  year={2018},
  publisher={IEEE}
}

@article{xu2013survey,
  title={A survey on multi-view learning},
  author={Xu, Chang and Tao, Dacheng and Xu, Chao},
  journal={arXiv preprint arXiv:1304.5634},
  year={2013}
}

@inproceedings{cortes2009learning,
  title={Learning non-linear combinations of kernels},
  author={Cortes, Corinna and Mohri, Mehryar and Rostamizadeh, Afshin},
  booktitle={Advances in neural information processing systems},
  pages={396--404},
  year={2009}
}

@article{bellet2012similarity,
  title={Similarity learning for provably accurate sparse linear classification},
  author={Bellet, Aur{\'e}lien and Habrard, Amaury and Sebban, Marc},
  journal={arXiv preprint arXiv:1206.6476},
  year={2012}
}

@article{den2012prediction,
  title={How prediction errors shape perception, attention, and motivation},
  author={Den Ouden, Hanneke EM and Kok, Peter and De Lange, Floris P},
  journal={Frontiers in psychology},
  volume={3},
  pages={548},
  year={2012},
  publisher={Frontiers}
}

@book{hohwy2013predictive,
  title={The predictive mind},
  author={Hohwy, Jakob},
  year={2013},
  publisher={Oxford University Press}
}

@misc{minf,
  author = {Ingo Lütkebohle},
  title = {{BWorld Robot Control Software}},
  howpublished = "\url{https://en.wikipedia.org/wiki/Multivariate_mutual_information}",
  year = {2008}, 
  note = "[Online; accessed 19-July-2008]"
}

@inproceedings{zach2007duality,
 title={A duality based approach for realtime TV-L 1 optical flow},
 author={Zach, Christopher and Pock, Thomas and Bischof, Horst},
 booktitle={Joint pattern recognition symposium},
 pages={214--223},
 year={2007},
 organization={Springer}
}

@inproceedings{hadsell2006dimensionality,
  title={Dimensionality reduction by learning an invariant mapping},
  author={Hadsell, Raia and Chopra, Sumit and LeCun, Yann},
  booktitle={2006 IEEE Computer Society Conference on Computer Vision and Pattern Recognition (CVPR'06)},
  year={2006},
  organization={IEEE}
}

@article{henaff2019data,
  title={Data-Efficient Image Recognition with Contrastive Predictive Coding},
  author={H{\'e}naff, Olivier J and Razavi, Ali and Doersch, Carl and Eslami, SM and Oord, Aaron van den},
  journal={arXiv preprint arXiv:1905.09272},
  year={2019}
}

@article{bachman2019learning,
  title={Learning Representations by Maximizing Mutual Information Across Views},
  author={Bachman, Philip and Hjelm, R Devon and Buchwalter, William},
  journal={arXiv preprint arXiv:1906.00910},
  year={2019}
}

@article{mcallester2018formal,
  title={Formal Limitations on the Measurement of Mutual Information},
  author={McAllester, David and Statos, Karl},
  journal={arXiv preprint arXiv:1811.04251},
  year={2018}
}


@misc{infdiag,
  title = {{Information Diagram - Wikipedia}},
  howpublished = "\url{https://en.wikipedia.org/wiki/Information_diagram}",
}

@article{zhuang2019local,
  title={Local aggregation for unsupervised learning of visual embeddings},
  author={Zhuang, Chengxu and Zhai, Alex Lin and Yamins, Daniel},
  journal={arXiv preprint arXiv:1903.12355},
  year={2019}
}

@inproceedings{sermanet2017time,
  title={Time-contrastive networks: Self-supervised learning from video},
  author={Sermanet, Pierre and Lynch, Corey and Chebotar, Yevgen and Hsu, Jasmine and Jang, Eric and Schaal, Stefan and Levine, Sergey and Brain, Google},
  booktitle={2018 IEEE International Conference on Robotics and Automation (ICRA)},
  year={2018}
}

@article{smith2005development,
  title={The development of embodied cognition: Six lessons from babies},
  author={Smith, Linda and Gasser, Michael},
  journal={Artificial life},
  volume={11},
  number={1-2},
  pages={13--29},
  year={2005},
  publisher={MIT Press}
}

@InProceedings{Simonyan15,
  author       = "Karen Simonyan and Andrew Zisserman",
  title        = "Very Deep Convolutional Networks for Large-Scale Image Recognition",
  booktitle    = "International Conference on Learning Representations",
  year         = "2015",
}

@article{belghazi2018mine,
  title={Mine: mutual information neural estimation},
  author={Belghazi, Mohamed Ishmael and Baratin, Aristide and Rajeswar, Sai and Ozair, Sherjil and Bengio, Yoshua and Courville, Aaron and Hjelm, R Devon},
  journal={arXiv preprint arXiv:1801.04062},
  year={2018}
}


@inproceedings{zhang2019aet,
  title={Aet vs. aed: Unsupervised representation learning by auto-encoding transformations rather than data},
  author={Zhang, Liheng and Qi, Guo-Jun and Wang, Liqiang and Luo, Jiebo},
  booktitle={Proceedings of the IEEE Conference on Computer Vision and Pattern Recognition},
  pages={2547--2555},
  year={2019}
}

@article{chen2020simple,
  title={A Simple Framework for Contrastive Learning of Visual Representations},
  author={Chen, Ting and Kornblith, Simon and Norouzi, Mohammad and Hinton, Geoffrey},
  journal={arXiv preprint arXiv:2002.05709},
  year={2020}
}

@article{he2019momentum,
  title={Momentum contrast for unsupervised visual representation learning},
  author={He, Kaiming and Fan, Haoqi and Wu, Yuxin and Xie, Saining and Girshick, Ross},
  journal={arXiv preprint arXiv:1911.05722},
  year={2019}
}

@article{tian2019contrastive,
  title={Contrastive multiview coding},
  author={Tian, Yonglong and Krishnan, Dilip and Isola, Phillip},
  journal={arXiv preprint arXiv:1906.05849},
  year={2019}
}

@inproceedings{sun2019videobert,
  title={Videobert: A joint model for video and language representation learning},
  author={Sun, Chen and Myers, Austin and Vondrick, Carl and Murphy, Kevin and Schmid, Cordelia},
  booktitle={Proceedings of the IEEE International Conference on Computer Vision},
  pages={7464--7473},
  year={2019}
}


@inproceedings{arandjelovic2017look,
  title={Look, listen and learn},
  author={Arandjelovic, Relja and Zisserman, Andrew},
  booktitle={Proceedings of the IEEE International Conference on Computer Vision},
  pages={609--617},
  year={2017}
}

@article{devlin2018bert,
  title={Bert: Pre-training of deep bidirectional transformers for language understanding},
  author={Devlin, Jacob and Chang, Ming-Wei and Lee, Kenton and Toutanova, Kristina},
  journal={arXiv preprint arXiv:1810.04805},
  year={2018}
}

@inproceedings{zhang2018generalized,
  title={Generalized cross entropy loss for training deep neural networks with noisy labels},
  author={Zhang, Zhilu and Sabuncu, Mert},
  booktitle={Advances in neural information processing systems},
  pages={8778--8788},
  year={2018}
}

@article{sukhbaatar2014training,
  title={Training convolutional networks with noisy labels},
  author={Sukhbaatar, Sainbayar and Bruna, Joan and Paluri, Manohar and Bourdev, Lubomir and Fergus, Rob},
  journal={arXiv preprint arXiv:1406.2080},
  year={2014}
}

@inproceedings{elsayed2018large,
  title={Large margin deep networks for classification},
  author={Elsayed, Gamaleldin and Krishnan, Dilip and Mobahi, Hossein and Regan, Kevin and Bengio, Samy},
  booktitle={Advances in neural information processing systems},
  pages={842--852},
  year={2018}
}

@inproceedings{liu2016large,
  title={Large-margin softmax loss for convolutional neural networks.},
  author={Liu, Weiyang and Wen, Yandong and Yu, Zhiding and Yang, Meng},
  booktitle={ICML},
  volume={2},
  number={3},
  pages={7},
  year={2016}
}

@inproceedings{cubuk2019autoaugment,
  title={Autoaugment: Learning augmentation strategies from data},
  author={Cubuk, Ekin D and Zoph, Barret and Mane, Dandelion and Vasudevan, Vijay and Le, Quoc V},
  booktitle={Proceedings of the IEEE conference on computer vision and pattern recognition},
  pages={113--123},
  year={2019}
}

@article{cubuk2019randaugment,
  title={RandAugment: Practical data augmentation with no separate search},
  author={Cubuk, Ekin D and Zoph, Barret and Shlens, Jonathon and Le, Quoc V},
  journal={arXiv preprint arXiv:1909.13719},
  year={2019}
}

@article{xie2019self,
  title={Self-training with Noisy Student improves ImageNet classification},
  author={Xie, Qizhe and Hovy, Eduard and Luong, Minh-Thang and Le, Quoc V},
  journal={arXiv preprint arXiv:1911.04252},
  year={2019}
}

@article{weinberger2009distance,
  title={Distance metric learning for large margin nearest neighbor classification},
  author={Weinberger, Kilian Q and Saul, Lawrence K},
  journal={Journal of Machine Learning Research},
  volume={10},
  number={Feb},
  pages={207--244},
  year={2009}
}

@inproceedings{blum1998combining,
  title={Combining labeled and unlabeled data with co-training},
  author={Blum, Avrim and Mitchell, Tom},
  booktitle={Proceedings of the eleventh annual conference on Computational learning theory},
  pages={92--100},
  year={1998}
}

@inproceedings{schroff2015facenet,
  title={Facenet: A unified embedding for face recognition and clustering},
  author={Schroff, Florian and Kalenichenko, Dmitry and Philbin, James},
  booktitle={Proceedings of the IEEE conference on computer vision and pattern recognition},
  pages={815--823},
  year={2015}
}

@inproceedings{chopra2005learning,
  title={Learning a similarity metric discriminatively, with application to face verification},
  author={Chopra, Sumit and Hadsell, Raia and LeCun, Yann},
  booktitle={2005 IEEE Computer Society Conference on Computer Vision and Pattern Recognition (CVPR'05)},
  volume={1},
  pages={539--546},
  year={2005},
  organization={IEEE}
}

@inproceedings{yang2019xlnet,
  title={Xlnet: Generalized autoregressive pretraining for language understanding},
  author={Yang, Zhilin and Dai, Zihang and Yang, Yiming and Carbonell, Jaime and Salakhutdinov, Russ R and Le, Quoc V},
  booktitle={Advances in neural information processing systems},
  pages={5754--5764},
  year={2019}
}

@article{radford2015unsupervised,
  title={Unsupervised representation learning with deep convolutional generative adversarial networks},
  author={Radford, Alec and Metz, Luke and Chintala, Soumith},
  journal={arXiv preprint arXiv:1511.06434},
  year={2015}
}

@inproceedings{yun2019cutmix,
  title={Cutmix: Regularization strategy to train strong classifiers with localizable features},
  author={Yun, Sangdoo and Han, Dongyoon and Oh, Seong Joon and Chun, Sanghyuk and Choe, Junsuk and Yoo, Youngjoon},
  booktitle={Proceedings of the IEEE International Conference on Computer Vision},
  pages={6023--6032},
  year={2019}
}

@article{tan2019efficientnet,
  title={Efficientnet: Rethinking model scaling for convolutional neural networks},
  author={Tan, Mingxing and Le, Quoc V},
  journal={arXiv preprint arXiv:1905.11946},
  year={2019}
}

@book{hastie2001statisticallearning,
  added-at = {2008-05-16T16:17:42.000+0200},
  address = {New York, NY, USA},
  author = {Hastie, Trevor and Tibshirani, Robert and Friedman, Jerome},
  biburl = {https://www.bibsonomy.org/bibtex/2f58afc5c9793fcc8ad8389824e57984c/sb3000},
  interhash = {d585aea274f2b9b228fc1629bc273644},
  intrahash = {f58afc5c9793fcc8ad8389824e57984c},
  keywords = {ml statistics},
  publisher = {Springer New York Inc.},
  series = {Springer Series in Statistics},
  timestamp = {2008-05-16T16:17:43.000+0200},
  title = {The Elements of Statistical Learning},
  year = 2001
}

@inproceedings{sohn2016improved,
  title={Improved deep metric learning with multi-class n-pair loss objective},
  author={Sohn, Kihyuk},
  booktitle={Advances in neural information processing systems},
  pages={1857--1865},
  year={2016}
}

@techreport{hamilton1992jpeg,
  added-at = {2007-01-19T01:55:57.000+0100},
  address = {Milpitas, CA, USA},
  author = {Hamilton, Eric},
  biburl = {https://www.bibsonomy.org/bibtex/298c74135f2ed5b71d04c54be9c64677c/timo},
  day = 1,
  institution = {C-Cube Microsystems},
  interhash = {a944d9c3a543ed2922df292fa4d66701},
  intrahash = {98c74135f2ed5b71d04c54be9c64677c},
  keywords = {file JFIF format JPEG},
  month = {9},
  timestamp = {2007-01-19T01:55:57.000+0100},
  title = {JPEG File Interchange Format},
  url = {http://www.w3.org/Graphics/JPEG/jfif3.pdf},
  year = 1992
}


@article{kolesnikov2019large,
  title={Large Scale Learning of General Visual Representations for Transfer},
  author={Kolesnikov, Alexander and Beyer, Lucas and Zhai, Xiaohua and Puigcerver, Joan and Yung, Jessica and Gelly, Sylvain and Houlsby, Neil},
  journal={arXiv preprint arXiv:1912.11370},
  year={2019}
}

@inproceedings{szegedy2016rethinking,
  title={Rethinking the inception architecture for computer vision},
  author={Szegedy, Christian and Vanhoucke, Vincent and Ioffe, Sergey and Shlens, Jon and Wojna, Zbigniew},
  booktitle={Proceedings of the IEEE conference on computer vision and pattern recognition},
  pages={2818--2826},
  year={2016}
}

@inproceedings{muller2019does,
  title={When does label smoothing help?},
  author={M{\"u}ller, Rafael and Kornblith, Simon and Hinton, Geoffrey E},
  booktitle={Advances in Neural Information Processing Systems},
  pages={4696--4705},
  year={2019}
}

@article{hinton2015distilling,
  title={Distilling the knowledge in a neural network},
  author={Hinton, Geoffrey and Vinyals, Oriol and Dean, Jeff},
  journal={arXiv preprint arXiv:1503.02531},
  year={2015}
}

@article{zhang2017mixup,
  title={mixup: Beyond empirical risk minimization},
  author={Zhang, Hongyi and Cisse, Moustapha and Dauphin, Yann N and Lopez-Paz, David},
  journal={arXiv preprint arXiv:1710.09412},
  year={2017}
}

@article{chechik2010large,
  title={Large scale online learning of image similarity through ranking},
  author={Chechik, Gal and Sharma, Varun and Shalit, Uri and Bengio, Samy},
  journal={Journal of Machine Learning Research},
  volume={11},
  number={Mar},
  pages={1109--1135},
  year={2010}
}

@article{hendrycks2019benchmarking,
  title={Benchmarking neural network robustness to common corruptions and perturbations},
  author={Hendrycks, Dan and Dietterich, Thomas},
  journal={arXiv preprint arXiv:1903.12261},
  year={2019}
}

@article{zhai2019visual,
  title={The visual task adaptation benchmark},
  author={Zhai, Xiaohua and Puigcerver, Joan and Kolesnikov, Alexander and Ruyssen, Pierre and Riquelme, Carlos and Lucic, Mario and Djolonga, Josip and Pinto, Andre Susano and Neumann, Maxim and Dosovitskiy, Alexey and others},
  journal={arXiv preprint arXiv:1910.04867},
  year={2019}
}

@inproceedings{baum1988supervised,
  title={Supervised learning of probability distributions by neural networks},
  author={Baum, Eric B and Wilczek, Frank},
  booktitle={Neural information processing systems},
  pages={52--61},
  year={1988}
}

@article{levin1988accelerated,
  title={Accelerated learning in layered neural networks},
  author={Levin, Esther and Fleisher, Michael},
  journal={Complex systems},
  volume={2},
  pages={625--640},
  year={1988}
}

@book{fahlman1988empirical,
  title={An empirical study of learning speed in back-propagation networks},
  author={Fahlman, Scott E and others},
  year={1988},
  publisher={Carnegie Mellon University, Computer Science Department}
}

@book{hertz2018introduction,
  title={Introduction to the theory of neural computation},
  author={Hertz, John A},
  year={2018},
  publisher={CRC Press}
}

@article{rumelhart1986learning,
  title={Learning representations by back-propagating errors},
  author={Rumelhart, David E and Hinton, Geoffrey E and Williams, Ronald J},
  journal={nature},
  volume={323},
  number={6088},
  pages={533--536},
  year={1986},
  publisher={Nature Publishing Group}
}

@article{nar2019cross,
  title={Cross-entropy loss and low-rank features have responsibility for adversarial examples},
  author={Nar, Kamil and Ocal, Orhan and Sastry, S Shankar and Ramchandran, Kannan},
  journal={arXiv preprint arXiv:1901.08360},
  year={2019}
}

@inproceedings{cao2019learning,
  title={Learning imbalanced datasets with label-distribution-aware margin loss},
  author={Cao, Kaidi and Wei, Colin and Gaidon, Adrien and Arechiga, Nikos and Ma, Tengyu},
  booktitle={Advances in Neural Information Processing Systems},
  pages={1565--1576},
  year={2019}
}

@article{bergstra2012random,
  title={Random search for hyper-parameter optimization},
  author={Bergstra, James and Bengio, Yoshua},
  journal={Journal of machine learning research},
  volume={13},
  number={Feb},
  pages={281--305},
  year={2012}
}

@article{claesen2015hyperparameter,
  title={Hyperparameter search in machine learning},
  author={Claesen, Marc and De Moor, Bart},
  journal={arXiv preprint arXiv:1502.02127},
  year={2015}
}

@article{britz2017massive,
  title={Massive exploration of neural machine translation architectures},
  author={Britz, Denny and Goldie, Anna and Luong, Minh-Thang and Le, Quoc},
  journal={arXiv preprint arXiv:1703.03906},
  year={2017}
}

@inproceedings{goodfellow2015adverserial,
title	= {Explaining and Harnessing Adversarial Examples},
author	= {Ian Goodfellow and Jonathon Shlens and Christian Szegedy},
year	= {2015},
URL	= {http://arxiv.org/abs/1412.6572},
booktitle	= {International Conference on Learning Representations}
}

@article{krizhevsky2009learning,
  title={Learning multiple layers of features from tiny images},
  author={Krizhevsky, Alex and Hinton, Geoffrey and others},
  year={2009},
  publisher={Citeseer}
}

@inproceedings{xiao2010sun,
  title={Sun database: Large-scale scene recognition from abbey to zoo},
  author={Xiao, Jianxiong and Hays, James and Ehinger, Krista A and Oliva, Aude and Torralba, Antonio},
  booktitle={2010 IEEE Computer Society Conference on Computer Vision and Pattern Recognition},
  pages={3485--3492},
  year={2010},
  organization={IEEE}
}

@article{matthey2017dsprites,
  title={dsprites: Disentanglement testing sprites dataset},
  author={Matthey, Loic and Higgins, Irina and Hassabis, Demis and Lerchner, Alexander},
  journal={URL https://github. com/deepmind/dsprites-dataset/.[Accessed on: 2018-05-08]},
  year={2017}
}

@article{cheng2017remote,
  title={Remote sensing image scene classification: Benchmark and state of the art},
  author={Cheng, Gong and Han, Junwei and Lu, Xiaoqiang},
  journal={Proceedings of the IEEE},
  volume={105},
  number={10},
  pages={1865--1883},
  year={2017},
  publisher={IEEE}
}

@article{you2017large,
  title={Large batch training of convolutional networks},
  author={You, Yang and Gitman, Igor and Ginsburg, Boris},
  journal={arXiv preprint arXiv:1708.03888},
  year={2017}
}

@article{hinton2012neural,
  title={Neural networks for machine learning lecture 6a overview of mini-batch gradient descent},
  author={Hinton, Geoffrey and Srivastava, Nitish and Swersky, Kevin},
  journal={Cited on},
  volume={14},
  number={8},
  year={2012}
}

@article{ruder2016overview,
  title={An overview of gradient descent optimization algorithms},
  author={Ruder, Sebastian},
  journal={arXiv preprint arXiv:1609.04747},
  year={2016}
}

@inproceedings{fei2004learning,
  title={Learning generative visual models from few training examples: An incremental bayesian approach tested on 101 object categories},
  author={Fei-Fei, Li and Fergus, Rob and Perona, Pietro},
  booktitle={2004 conference on computer vision and pattern recognition workshop},
  pages={178--178},
  year={2004},
  organization={IEEE}
}

@inproceedings{frosst2019analyzing,
  author    = {Nicholas Frosst and
               Nicolas Papernot and
               Geoffrey E. Hinton},
  editor    = {Kamalika Chaudhuri and
               Ruslan Salakhutdinov},
  title     = {Analyzing and Improving Representations with the Soft Nearest Neighbor
               Loss},
  booktitle = {Proceedings of the 36th International Conference on Machine Learning,
               {ICML} 2019, 9-15 June 2019, Long Beach, California, {USA}},
  series    = {Proceedings of Machine Learning Research},
  volume    = {97},
  pages     = {2012--2020},
  publisher = {{PMLR}},
  year      = {2019},
  url       = {http://proceedings.mlr.press/v97/frosst19a.html},
  timestamp = {Tue, 11 Jun 2019 15:37:38 +0200},
  biburl    = {https://dblp.org/rec/conf/icml/FrosstPH19.bib},
  bibsource = {dblp computer science bibliography, https://dblp.org}
}

@inproceedings{salakhutdinov2007learning,
  title={Learning a nonlinear embedding by preserving class neighbourhood structure},
  author={Salakhutdinov, Ruslan and Hinton, Geoff},
  booktitle={Artificial Intelligence and Statistics},
  pages={412--419},
  year={2007}
}


@article{tieleman2012lecture,
  title={Lecture 6.5-rmsprop: Divide the gradient by a running average of its recent magnitude},
  author={Tieleman, Tijmen and Hinton, Geoffrey},
  journal={COURSERA: Neural networks for machine learning},
  volume={4},
  number={2},
  pages={26--31},
  year={2012}
}

@inproceedings{wu2018improving,
  title={Improving Generalization via Scalable Neighborhood Component Analysis},
  author={Wu, Zhirong and Efros, Alexei A and Yu, Stella},
  booktitle={European Conference on Computer Vision (ECCV) 2018},
  year={2018}
}

@inproceedings{yang2015deep,
  title={Deep representation learning with target coding},
  author={Yang, Shuo and Luo, Ping and Loy, Chen Change and Shum, Kenneth W and Tang, Xiaoou},
  booktitle={Twenty-Ninth AAAI Conference on Artificial Intelligence},
  year={2015}
}

@article{tian2020makes,
  title={What Makes for Good Views for Contrastive Learning},
  author={Tian, Yonglong and Sun, Chen and Poole, Ben and Krishnan, Dilip and Schmid, Cordelia and Isola, Phillip},
  journal={arXiv preprint arXiv:2005.10243},
  year={2019}
}

@article{jensen1906sur,
  title={Sur les fonctions convexes et les in´egalit´es entre les valeurs moyennes},
  author={Jensen, J. L. W. V.},
  journal={Acta Math},
  year={1906}
}
@TECHREPORT{Krizhevsky09learningmultiple,
    author = {Alex Krizhevsky},
    title = {Learning multiple layers of features from tiny images},
    institution = {},
    year = {2009}
}

@article{tschannen2019mutual,
  title={On mutual information maximization for representation learning},
  author={Tschannen, Michael and Djolonga, Josip and Rubenstein, Paul K and Gelly, Sylvain and Lucic, Mario},
  journal={arXiv preprint arXiv:1907.13625},
  year={2019}
}

@inproceedings{kornblith2019better,
  title={Do better imagenet models transfer better?},
  author={Kornblith, Simon and Shlens, Jonathon and Le, Quoc V},
  booktitle={Proceedings of the IEEE conference on computer vision and pattern recognition},
  pages={2661--2671},
  year={2019}
}

@inproceedings{he2019rethinking,
  title={Rethinking imagenet pre-training},
  author={He, Kaiming and Girshick, Ross and Doll{\'a}r, Piotr},
  booktitle={Proceedings of the IEEE International Conference on Computer Vision},
  pages={4918--4927},
  year={2019}
}

@misc{liu2016largemargin,
    title={Large-Margin Softmax Loss for Convolutional Neural Networks},
    author={Weiyang Liu and Yandong Wen and Zhiding Yu and Meng Yang},
    year={2016},
    eprint={1612.02295},
    archivePrefix={arXiv},
    primaryClass={stat.ML}
}

@misc{xie2016aggregated,
    title={Aggregated Residual Transformations for Deep Neural Networks},
    author={Saining Xie and Ross Girshick and Piotr Dollár and Zhuowen Tu and Kaiming He},
    year={2016},
    eprint={1611.05431},
    archivePrefix={arXiv},
    primaryClass={cs.CV}
}

@article{wang2020understanding,
  title={Understanding Contrastive Representation Learning through Alignment and Uniformity on the Hypersphere},
  author={Wang, Tongzhou and Isola, Phillip},
  journal={arXiv preprint arXiv:2005.10242},
  year={2020}
}

@misc{pascal-voc-2007,
	author = "Everingham, M. and Van~Gool, L. and Williams, C. K. I. and Winn, J. and Zisserman, A.",
	title = "The {PASCAL} {V}isual {O}bject {C}lasses {C}hallenge 2007 {(VOC2007)} {R}esults",
	howpublished = "http://www.pascal-network.org/challenges/VOC/voc2007/workshop/index.html"
}

@inproceedings{Kamnitsas2018SemiSupervisedLV,
  title={Semi-Supervised Learning via Compact Latent Space Clustering},
  author={Konstantinos Kamnitsas and Daniel C. Castro and Lo{\"i}c Le Folgoc and Ian Walker and Ryutaro Tanno and Daniel Rueckert and Ben Glocker and Antonio Criminisi and Aditya V. Nori},
  booktitle={International Conference on Machine Learning},
  year={2018}
}

@misc{han2020selfsupervised,
      title={Self-supervised Co-training for Video Representation Learning}, 
      author={Tengda Han and Weidi Xie and Andrew Zisserman},
      year={2020},
      eprint={2010.09709},
      archivePrefix={arXiv},
      primaryClass={cs.CV}
}

@inproceedings{motiian2017unified,
  title={Unified deep supervised domain adaptation and generalization},
  author={Motiian, Saeid and Piccirilli, Marco and Adjeroh, Donald A and Doretto, Gianfranco},
  booktitle={Proceedings of the IEEE International Conference on Computer Vision},
  pages={5715--5725},
  year={2017}
}

@inproceedings{dou2019domain,
  title={Domain generalization via model-agnostic learning of semantic features},
  author={Dou, Qi and de Castro, Daniel Coelho and Kamnitsas, Konstantinos and Glocker, Ben},
  booktitle={Advances in Neural Information Processing Systems},
  pages={6450--6461},
  year={2019}
}